
@misc{Amazon.,
 author = {Amazon},
 title = {AWS: What ist AWS},
 url = {https://aws.amazon.com/de/what-is-aws/},
 urldate = {13.11.2020}
}


@misc{Amazon.b,
 author = {Amazon},
 title = {AWS: S3},
 url = {https://docs.aws.amazon.com/AmazonS3/latest/dev/},
 urldate = {13.11.2020}
}


@misc{Amazon.c,
 author = {Amazon},
 title = {AWS: Athena},
 url = {https://docs.aws.amazon.com/athena/latest/ug/},
 urldate = {13.11.2020}
}


@misc{Amazon.d,
 author = {Amazon},
 title = {AWS: Glue},
 url = {https://docs.aws.amazon.com/glue/latest/dg/},
 urldate = {13.11.2020}
}


@misc{Amazon.e,
 author = {Amazon},
 title = {AWS: SES},
 url = {https://docs.aws.amazon.com/ses/latest/DeveloperGuide/Welcome.html},
 urldate = {13.11.2020}
}


@misc{Atlassian.,
 author = {Atlassian},
 title = {Jira Software},
 url = {https://www.atlassian.com/software/jira/guides/use-cases/what-is-jira-used-for#jira-for-agile-teams},
 urldate = {14.11.2020}
}


@book{Axelrod.2018,
 author = {Axelrod, Arnon.},
 year = {2018},
 title = {Complete Guide to Test Automation: Techniques, Practices, and Patterns for Building and Maintaining Effective Software Projects},
 keywords = {Computer science;Programming Languages, Compilers, Interpreters},
 address = {Berkeley, CA},
 publisher = {Apress},
 isbn = {148423832X},
 file = {http://www.worldcat.org/oclc/1060750271}
}


@book{Bengfort.2016,
 abstract = {Summary: Apache Spark is an in-memory framework that allows data scientists to explore and interact with big data much more quickly than with Hadoop. Python users can work with Spark using an interactive shell called PySpark. Why is it important? PySpark makes the large-scale data processing capabilities of Apache Spark accessible to data scientists who are more familiar with Python than Scala or Java. This also allows for reuse of a wide variety of Python libraries for machine learning, data visualization, numerical analysis, etc. What you'll learn---and how you can apply it Compare the different components provided by Spark, and what use cases they fit. Learn how to use RDDs (resilient distributed datasets) with PySpark. Write Spark applications in Python and submit them to the cluster as Spark jobs. Get an introduction to the Spark computing framework. Apply this approach to a worked example to determine the most frequent airline delays in a specific month and year. This lesson is for you because$\ldots$ You're a data scientist, familiar with Python coding, who needs to get up and running with PySpark You're a Python developer who needs to leverage the distributed computing resources available on a Hadoop cluster, without learning Java or Scala first Prerequisites Familiarity with writing Python applications Some familiarity with bash command-line operations Basic understanding of how to use simple functional programming constructs in Python, such as closures, lambdas, maps, etc. Materials or downloads needed in advance Apache Spark This lesson is taken from Data Analytics with Hadoop by Jenny Kim and Benjamin Bengfort.},
 author = {Bengfort, Benjamin and Kim, Jenny},
 year = {2016},
 title = {Interactive Spark using PySpark / Bengfort, Benjamin},
 url = {https://login.ezproxy-dhma.redi-bw.de/login?url=http://search.ebscohost.com/login.aspx?direct=true&db=cat07667a&AN=bkm.1684812895&lang=de&site=eds-live},
 keywords = {eBook-ProQuest-O'Reilly-for-Higher-Education;Electronic books;local},
 edition = {1st edition},
 publisher = {{O'Reilly Media, Inc}},
 file = {https://learning.oreilly.com/library/view/-/9781491965313/?ar}
}


@book{Black.2014,
 abstract = {Summary: This book teaches test managers what they need to know to achieve advanced skills in test estimation, test planning, test monitoring, and test control. Readers will learn how to define the overall testing goals and strategies for the systems being tested. This hands-on, exercise-rich book provides experience with planning, scheduling, and tracking these tasks. You'll be able to describe and organize the necessary activities as well as learn to select, acquire, and assign adequate resources for testing tasks. You'll learn how to form, organize, and lead testing teams, and master the organizing of communication among the members of the testing teams, and between the testing teams and all the other stakeholders. Additionally, you'll learn how to justify decisions and provide adequate reporting information where applicable. With over thirty years of software and systems engineering experience, author Rex Black is President of RBCS, is a leader in software, hardware, and systems testing, and is the most prolific author practicing in the field of software testing today. He has published a dozen books on testing that have sold tens of thousands of copies worldwide. He is past president of the International Software Testing Qualifications Board (ISTQB) and a director of the American Software Testing Qualifications Board (ASTQB). This book will help you prepare for the ISTQB Advanced Test Manager exam. Included are sample exam questions, at the appropriate level of difficulty, for most of the learning objectives covered by the ISTQB Advanced Level Syllabus. The ISTQB certification program is the leading software tester certification program in the world. With about 300,000 certificate holders and a global presence in over 50 countries, you can be confident in the value and international stature that the Advanced Test Manager certificate can offer you. This second edition has been thoroughly updated to reflect the new ISTQB Advanced Test Manager 2012 Syllabus, and the latest ISTQB Glossary. This edition reflects Rex Black's unique insights into these changes, as he was one of the main participants in the ISTQB Advanced Level Working Group.},
 author = {Black, Rex},
 year = {2014},
 title = {Advanced software testing / Rex Black},
 url = {https://login.ezproxy-dhma.redi-bw.de/login?url=http://search.ebscohost.com/login.aspx?direct=true&db=cat07667a&AN=bkm.1680270788&lang=de&site=eds-live},
 keywords = {Certification;Computer software;eBook-ProQuest-O'Reilly-for-Higher-Education;Electronic books;Electronic data processing personnel;Examinations;local;Study guides;Testing},
 edition = {2nd ed.},
 publisher = {{Rock Nook}},
 file = {https://learning.oreilly.com/library/view/-/9781492016328/?ar}
}


@book{Bucsics.2015,
 abstract = {Summary: pragmatische Darstellung viele Fallbeispiele auch auf Einsatz in agilen Projekten wird eingegangen* Autoren in der Test-Community sehr aktiv und bekannt},
 author = {Bucsics, Thomas},
 year = {2015},
 title = {Basiswissen Testautomatisierung : Konzepte, Methoden und Techniken / Thomas Bucsics ... [and three others]},
 url = {https://login.ezproxy-dhma.redi-bw.de/login?url=http://search.ebscohost.com/login.aspx?direct=true&db=cat07667a&AN=bkm.1680241133&lang=de&site=eds-live},
 keywords = {Automation;Computer software;Computer systems;eBook-ProQuest-O'Reilly-for-Higher-Education;Electronic books;local;Testing},
 edition = {2., aktualisierte und {\"u}berarbeitete Auflage},
 publisher = {dpunkt.verlag},
 file = {https://learning.oreilly.com/library/view/-/9781457194924/?ar}
}


@book{Chellappan.2018,
 abstract = {Summary: Work with Apache Spark using Scala to deploy and set up single-node, multi-node, and high-availability clusters. This book discusses various components of Spark such as Spark Core, DataFrames, Datasets and SQL, Spark Streaming, Spark MLib, and R on Spark with the help of practical code snippets for each topic. Practical Apache Spark also covers the integration of Apache Spark with Kafka with examples. You'll follow a learn-to-do-by-yourself approach to learning - learn the concepts, practice the code snippets in Scala, and complete the assignments given to get an overall exposure. On completion, you'll have knowledge of the functional programming aspects of Scala, and hands-on expertise in various Spark components. You'll also become familiar with machine learning algorithms with real-time usage. What You Will Learn Discover the functional programming features of Scala Understand the complete architecture of Spark and its~components Integrate Apache Spark with Hive and Kafka Use Spark SQL, DataFrames, and Datasets to process data using traditional SQL queries Work with different machine learning concepts and libraries using Spark's MLlib packages Who This Book Is For Developers and professionals who deal with batch and stream data processing.},
 author = {Chellappan, Subhashini and Ganesan, Dharanitharan},
 year = {2018},
 title = {Practical Apache Spark : using the Scala API / Subhashini Chellappan, Dharanitharan Ganesan},
 url = {https://login.ezproxy-dhma.redi-bw.de/login?url=http://search.ebscohost.com/login.aspx?direct=true&db=cat07667a&AN=bkm.1680138332&lang=de&site=eds-live},
 keywords = {eBook-ProQuest-O'Reilly-for-Higher-Education;Electronic books;local;Scala (Computer program language);Spark (Electronic resource : Apache Software Foundation);SPARK (Electronic resource)},
 publisher = {Apress},
 isbn = {1484236521},
 file = {https://learning.oreilly.com/library/view/-/9781484236529/?ar}
}


@misc{Cucumber.,
 author = {Cucumber},
 title = {Cucumber Documentation},
 url = {https://cucumber.io/docs/guides/overview/},
 urldate = {14.11.2020}
}


@book{Gopalaswamy.2009,
 abstract = {{\textquotedbl}Software Testing: Principles and Practices is a comprehensive treatise on software testing. It provides a pragmatic view of testing, addressing emerging areas like extreme testing and ad hoc testing{\textquotedbl}--Resource description page.},
 author = {Gopalaswamy, Ramesh and Desikan, Srinivasan},
 year = {2009},
 title = {Software Testing: Principles and Practice},
 keywords = {Information Technology},
 address = {Don Mills and Toronto},
 publisher = {{Pearson Education Canada} and {Pearson Canada [distributor]}},
 isbn = {817758121X},
 file = {http://www.worldcat.org/oclc/697769967}
}


@book{Hambling.2019,
 year = {2019},
 title = {Software testing: An ISTQB-BCS certified tester foundation guide},
 keywords = {Computer software;Examinations},
 address = {Swindon, UK},
 edition = {Fourth edition},
 publisher = {{BCS, The Chartered Institute for IT}},
 isbn = {1780174926},
 editor = {Hambling, Brian},
 file = {http://www.worldcat.org/oclc/1112609082}
}


@book{Mili.2015,
 author = {Mili, Ali and Tchier, Fairouz},
 year = {2015},
 title = {Software Testing: Concepts and Operations},
 keywords = {Computer software},
 address = {New York, NY},
 edition = {1. Auflage},
 publisher = {{John Wiley {\&} Sons}},
 isbn = {1118662873},
 series = {Quantitative Software Engineering Series},
 file = {http://www.worldcat.org/oclc/943787710}
}


@book{Patton.2005,
 abstract = {Summary: Software Testing, Second Edition provides practical insight into the world of software testing and quality assurance. Learn how to find problems in any computer program, how to plan an effective test approach and how to tell when software is ready for release. Updated from the previous edition in 2000 to include a chapter that specifically deals with testing software for security bugs, the processes and techniques used throughout the book are timeless. This book is an excellent investment if you want to better understand what your Software Test team does or you want to write better software.},
 author = {Patton, Ron},
 year = {2005},
 title = {Software testing / Ron Patton},
 url = {https://login.ezproxy-dhma.redi-bw.de/login?url=http://search.ebscohost.com/login.aspx?direct=true&db=cat07667a&AN=bkm.1680505769&lang=de&site=eds-live},
 keywords = {eBook-ProQuest-O'Reilly-for-Higher-Education;Electronic books;local},
 edition = {2nd ed.},
 publisher = {{Sams Pub}},
 file = {https://learning.oreilly.com/library/view/-/0672327988/?ar}
}


@book{Saake.2018,
 abstract = {Summary: Detaillierte Einf{\"u}hrung in die Datenbanktechnologie in der 6. aktualisierten Neuauflage Konzepte relationaler Datenbanken: Architekturen, Modelle, Entwurfsmethoden, Relationenalgebra Ausf{\"u}hrliche Behandlung von SQL sowie Einblick in weitere Datenbanksprachen Datenbanken sind eines der wichtigsten Teilgebiete der Informatik und dank Big Data, Industrie 4.0, Internet of Things {\&} Co. m{\"u}ssen immer mehr Daten effizient verwaltet, performant analysiert und sinnvoll ausgegeben werden. Das Buch behandelt systematisch und fundiert die wichtigsten Konzepte und Sprachen, die f{\"u}r den Einsatz von Datenbanksystemen und die Entwicklung von Datenbankanwendungen eine Rolle spielen. Die Grundlagen relationaler Datenbanken werden dabei umfassend erkl{\"a}rt. Die Autoren gehen au{\ss}erdem auf Theorie, Entwurfsmethoden sowie Sprachkonzepte f{\"u}r relationale Datenbanken inklusive der ausf{\"u}hrlichen Behandlung von SQL ein. Des Weiteren werden Alternativen und Erweiterungen von Datenbankmodellen vorgestellt. Eine durchgehende Beispielanwendung liefert einen wertvollen Praxisbezug und hilft Ihnen dabei, die zugrundeliegenden theoretischen Konzepte besser zu verstehen. Zusammenfassungen und {\"U}bungsaufgaben am Ende eines jeden Kapitels erleichtern Ihnen au{\ss}erdem das Selbststudium und erm{\"o}glichen Ihnen eine optimale Pr{\"u}fungsvorbereitung. Das Buch eignet sich als Lehrbuch f{\"u}r Studierende der Informatik und verwandter F{\"a}cher, aber auch f{\"u}r Anwender und Entwickler, die sich {\"u}ber aktuelle Datenbanktechnologie genauer informieren m{\"o}chten. Zus{\"a}tzliche Kapitel sind als kostenloser Download verf{\"u}gbar. Aus dem Inhalt: Kernkonzepte relationaler Datenbanken Konzepte und Architektur Datenbankentwurf Entity-Relationship-Modell Relationenalgebra Die relationale Datenbanksprache SQL (SQL:2016) Erweiterte Konzepte Erweiterte Entwurfsmodelle QUEL, QBE und Datalog Sichten, Transaktionen, Integrit{\"a}t und Trigger Datenbankanwendungsentwicklung Zugriffskontrolle {\&} Privacy Weitere Datenbankmodelle Multimediale, raum- und zeitbezogene Daten Objektorientierte und objektrelationale Datenbankmodelle XML, XPath, XQuery und SQL/XML NoSQL und Graphdatenbanken {\"U}ber die Autoren: Gunter Saake, Andreas Heuer und Kai-Uwe Sattler sind Professoren f{\"u}r Informatik an den Universit{\"a}ten von Magdeburg, Rostock und Ilmenau.},
 author = {Saake, Gunter and Sattler, Kai-Uwe and Heuer, Andreas},
 year = {2018},
 title = {Datenbanken : Konzepte und Sprachen / Gunter Saake, Kai-Uwe Sattler, Andreas Heuer},
 url = {https://login.ezproxy-dhma.redi-bw.de/login?url=http://search.ebscohost.com/login.aspx?direct=true&db=cat07667a&AN=bkm.1680112104&lang=de&site=eds-live},
 keywords = {Database design;Database management;eBook-ProQuest-O'Reilly-for-Higher-Education;Electronic books;local;Relational databases},
 edition = {6. Auflage},
 publisher = {{mitp Verlags}},
 isbn = {3958457789},
 file = {https://learning.oreilly.com/library/view/-/9783958457782/?ar}
}


@article{Schelter.2018,
 author = {Schelter, Sebastian and Lange, Dustin and Schmidt, Philipp and Celikel, Meltem and Biessmann, Felix and Grafberger, Andreas},
 year = {2018},
 title = {Automating large-scale data quality verification},
 pages = {1781--1794},
 volume = {11},
 number = {12},
 issn = {2150-8097},
 journal = {Proceedings of the VLDB Endowment},
 doi = {10.14778/3229863.3229867},
 file = {a7623c00-6b35-4c82-9e62-94737536f9a8:C\:\\Users\\silvan.biewald\\AppData\\Local\\Swiss Academic Software\\Citavi 6\\ProjectCache\\u2f8zdz5ctxvg4qo4la7xvqr4l8gajauwlek3278aq8vk\\Citavi Attachments\\a7623c00-6b35-4c82-9e62-94737536f9a8.pdf:pdf}
}


@misc{selenium.grid,
 author = {Selenium},
 title = {Selenium Grid Documentation},
 url = {https://www.selenium.dev/documentation/en/grid/},
 urldate = {11.11.2020}
}


@misc{selenium.ide,
 author = {Selenium},
 title = {Selenium IDE},
 url = {https://www.selenium.dev/selenium-ide/},
 urldate = {11.11.2020}
}


@misc{selenium.rc,
 author = {Selenium},
 title = {Selenium Legacy Documentation},
 url = {https://www.selenium.dev/documentation/en/legacy_docs/selenium_rc/},
 urldate = {11.11.2020}
}


@misc{selenium.webdriver,
 author = {Selenium},
 title = {Selenium Documentation},
 url = {https://www.selenium.dev/documentation/en/},
 urldate = {11.11.2020}
}


@book{Smith.2015,
 abstract = {Summary: Beginning JSON is the definitive guide to JSON - JavaScript Object Notation - today's standard in data formatting for the web. The book starts with the basics, and walks you through all aspects of using the JSON format. Beginning JSON covers all areas of JSON from the basics of data formats to creating your own server to store and retrieve persistent data. Beginning JSON provides you with the skill set required for reading and writing properly validated JSON data. The first two chapters of the book will discuss the foundations of JavaScript for those who need it, and provide the necessary understandings for later chapters. Chapters 3 through 12 will uncover what data is, how to convert that data into a transmittable/storable format, how to use AJAX to send and receive JSON, and, lastly, how to reassemble that data back into a proper JavaScript object to be used by your program. The final chapters put everything you learned into practice.},
 author = {Smith, Ben},
 year = {2015},
 title = {Beginning JSON / Ben Smith},
 url = {https://login.ezproxy-dhma.redi-bw.de/login?url=http://search.ebscohost.com/login.aspx?direct=true&db=cat07667a&AN=bkm.1680239597&lang=de&site=eds-live},
 keywords = {eBook-ProQuest-O'Reilly-for-Higher-Education;Electronic books;JSON (Document markup language);local},
 publisher = {Apress},
 series = {The expert's voice in web development},
 file = {https://learning.oreilly.com/library/view/-/9781484202029/?ar}
}


@misc{Xray.,
 author = {Xray},
 title = {Xray Documentation},
 url = {https://docs.getxray.app/display/XRAYCLOUD/About+Xray},
 urldate = {14.11.2020}
}


@misc{Deequ.,
 author = {Deequ},
 title = {Deequ Documentation},
 url = {https://github.com/awslabs/deequ},
 urldate = {23.09.2020}
}



